@ARTICLE{2019_Sinha_Journal,
  author={Sinha, Sreyam and Kumar, Ashish and Regensburger, Brandon and Afridi, Khurram K.},
  journal={IEEE Journal of Emerging and Selected Topics in Power Electronics},
  title={Active Variable Reactance Rectifier—A New Approach to Compensating for Coupling Variations in Wireless Power Transfer Systems},
  year={2020},
  volume={8},
  number={3},
  pages={2022-2040},
  keywords={Rectifiers;Couplings;Couplers;Air gaps;Impedance;Resonant frequency;Prototypes;Active variable reactance (AVR) rectifier;capacitive wireless power transfer (WPT);coupling variations;dynamic wireless charging;fixed output power;high efficiency;misalignments;road clearance;soft switching;WPT systems;variable compensation},
  doi={10.1109/JESTPE.2019.2958894}}

@INPROCEEDINGS{2024_Maji_COMPEL,
    author={Maji, Sounak and Cao, Yuqian and Etta, Dheeraj and Afridi, Khurram K.},
    booktitle={2024 IEEE Workshop on Control and Modeling for Power Electronics (COMPEL)},
    title={An Intelligent Control Methodology for In-Motion Dynamic Capacitive Wireless Power Transfer Systems},
    year={2024},
    volume={},
    number={},
    pages={1-7},
    keywords={Simulation;Prototypes;Wireless power transfer;Inverters;Transistors;Vehicle dynamics;Power generation;wireless power transfer systems;dynamic charging;soft-start;control;EV charging},
    doi={10.1109/COMPEL57542.2024.10613954}}

@INPROCEEDINGS{2023_Maji_WPTCE,
    author={Maji, Sounak and Etta, Dheeraj and Afridi, Khurram K.},
    booktitle={2023 IEEE Wireless Power Technology Conference and Expo (WPTCE)},
    title={A High-Power Large Air-Gap Multi-MHz dc-dc Capacitive Wireless Power Transfer System for Electric Vehicle Charging},
    year={2023},
    volume={},
    number={},
    pages={1-6},
    keywords={Wireless communication;Air gaps;Prototypes;Wireless power transfer;Inverters;Electric vehicle charging;Timing;capacitive wireless power transfer;matching network;power combining;current balancing;inverter paralleling},
    doi={10.1109/WPTCE56855.2023.10215665}}

@INPROCEEDINGS{2010_Mayo_CONIELECOMP,
      author={Mayo-Maldonado, Jonathan C. and Rosas-Caro, Julio C. and Salas-Cabrera, Rubén and González-Rodriguez, Aarón and Ruíz-Martínez, Omar F. and Castillo-Gutiérrez, Rafael and Castillo-Ibarra, Jesus R. and Cisneros-Villegas, Hermenegildo},
      booktitle={2010 20th International Conference on Electronics Communications and Computers (CONIELECOMP)},
      title={State space modeling and control of the dc-dc multilevel boost converter},
      year={2010},
      volume={},
      number={},
      pages={232-236},
      keywords={State-space methods;DC-DC power converters;Voltage;Switches;Capacitors;Diodes;Switching converters;Mathematical model;Topology;Switching frequency},
      doi={10.1109/CONIELECOMP.2010.5440763}}

@INPROCEEDINGS{2019_Sinha_ECCE,
      author={Sinha, Sreyam and Afridi, Khurram K.},
      booktitle={2019 20th Workshop on Control and Modeling for Power Electronics (COMPEL)},
      title={Closed-loop Control of a Dynamic Capacitive Wireless Power Transfer System},
      year={2019},
      volume={},
      number={},
      pages={1-6},
      keywords={Rectifiers;Power generation;Couplings;DC-DC power converters;Prototypes;Impedance;Couplers;wireless power transfer systems;active variable reactance rectifier;variable compensation;fixed output power;closed loop control;decoupled dual-loop control},
      doi={10.1109/COMPEL.2019.8769715}}

@book{2007_Williams,
      title={Linear State-Space Control Systems},
      author={Williams, R.L. and Lawrence, D.A.},
      isbn={9780471735557},
      lccn={2006016111},
      url={https://books.google.com/books?id=UPWAmAXQu1AC},
      year={2007},
      publisher={Wiley}
}

@ARTICLE{2013_Covic_Journal,
  author={Covic, Grant Anthony and Boys, John Talbot},
  journal={IEEE Journal of Emerging and Selected Topics in Power Electronics}, 
  title={Modern Trends in Inductive Power Transfer for Transportation Applications}, 
  year={2013},
  volume={1},
  number={1},
  pages={28-41},
  keywords={Inductive power transmission;Magnetic resonance;Electric vehicles;Inductive power transfer (IPT);roadway powered electric vehicles;strongly coupled magnetic resonance;wireless charging systems},
  doi={10.1109/JESTPE.2013.2264473}}
  
@ARTICLE{2011_Budhia_Journal,
  author={Budhia, Mickel and Covic, Grant A. and Boys, John T.},
  journal={IEEE Transactions on Power Electronics}, 
  title={Design and Optimization of Circular Magnetic Structures for Lumped Inductive Power Transfer Systems}, 
  year={2011},
  volume={26},
  number={11},
  pages={3096-3108},
  keywords={Coils;Ferrites;Receivers;Transmitters;Inductance;Power supplies;Optimization;Electromagnetic compatibility;electromagnetic coupling;inductive power transmission},
  doi={10.1109/TPEL.2011.2143730}}

@ARTICLE{2015_Miller_Journal,
  author={Miller, John M. and Jones, P.T. and Li, Jan-Mou and Onar, Omer C.},
  journal={IEEE Circuits and Systems Magazine}, 
  title={ORNL Experience and Challenges Facing Dynamic Wireless Power Charging of EV's}, 
  year={2015},
  volume={15},
  number={2},
  pages={40-53},
  keywords={Wireless communication;Power transfer;Inductive charging;Electric vehicles;Vehicle dynamics},
  doi={10.1109/MCAS.2015.2419012}}
  
@INPROCEEDINGS{2018_Regensburger_COMPEL,
  author={Regensburger, Brandon and Kumar, Ashish and Sinha, Sreyam and Afridi, Khurram},
  booktitle={2018 IEEE 19th Workshop on Control and Modeling for Power Electronics (COMPEL)}, 
  title={High-Performance 13.56-MHz Large Air-Gap Capacitive Wireless Power Transfer System for Electric Vehicle Charging}, 
  year={2018},
  volume={},
  number={},
  pages={1-4},
  keywords={Inductors;Capacitance;Prototypes;Air gaps;Electric vehicle charging;Wireless power transfer;Couplings;capacitive wireless power transfer;large air-gap;wireless power transfer;electric vehicle;high efficiency;high power transfer density;matching networks;high frequency;coupled inductor},
  doi={10.1109/COMPEL.2018.8460153}}

@BOOK{2004_Erickson, 
	place={New York, NY}, 
	title={Fundamentals of Power Electronics}, 
	publisher={Springer}, 
	author={Erickson, Robert W. and Maksimovic, Dragan}, 
	year={2004}} 

@ARTICLE{2014_Lim_Journal,
  author={Lim, Yongseok and Tang, Hoyoung and Lim, Seungok and Park, Jongsun},
  journal={IEEE Transactions on Power Electronics}, 
  title={An Adaptive Impedance-Matching Network Based on a Novel Capacitor Matrix for Wireless Power Transfer}, 
  year={2014},
  volume={29},
  number={8},
  pages={4403-4413},
  keywords={Impedance;Resonant frequency;Capacitance;Transmitters;Receivers;Coils;Capacitors;Capacitor matrix;impedance matching;impedance searching;magnetic resonant coupling;wireless power transfer (WPT)},
  doi={10.1109/TPEL.2013.2292596}}
  
@ARTICLE{2013_Beh_Journal,
  author={Beh, Teck Chuan and Kato, Masaki and Imura, Takehiro and Oh, Sehoon and Hori, Yoichi},
  journal={IEEE Transactions on Industrial Electronics}, 
  title={Automated Impedance Matching System for Robust Wireless Power Transfer via Magnetic Resonance Coupling}, 
  year={2013},
  volume={60},
  number={9},
  pages={3689-3698},
  keywords={Resonant frequency;Couplings;Coils;Equivalent circuits;Impedance;Equations;Impedance matching;Automation;impedance matching (IM);maximum efficiency;resonance frequency;wireless power transfer (WPT)},
  doi={10.1109/TIE.2012.2206337}}

@ARTICLE{2019_Choi_Journal,
  author={Choi, Jungwon and Xu, Jiale and Makhoul, Rawad and Davila, Juan M. Rivas},
  journal={IEEE Transactions on Power Electronics}, 
  title={Implementing an Impedance Compression Network to Compensate for Misalignments in a Wireless Power Transfer System}, 
  year={2019},
  volume={34},
  number={5},
  pages={4173-4184},
  keywords={Coils;Impedance;Capacitors;Couplings;Resonant inverters;Load management;Impedance compression network;magnetic resonant coupling;resonant inverter;wireless power transfer},
  doi={10.1109/TPEL.2018.2862414}}
  
@ARTICLE{2017_Kamineni_Journal,
  author={Kamineni, Abhilash and Neath, Michael J. and Covic, Grant A. and Boys, John T.},
  journal={IEEE Transactions on Power Electronics}, 
  title={A Mistuning-Tolerant and Controllable Power Supply for Roadway Wireless Power Systems}, 
  year={2017},
  volume={32},
  number={9},
  pages={6689-6699},
  keywords={Switches;Power supplies;Topology;Inductors;Switching circuits;Inductance;Mathematical model;Highway charging;inductive power transfer;push–pull converter;wireless power transfer},
  doi={10.1109/TPEL.2016.2622300}}



