@ARTICLE{2019_Sinha_Journal,
  author={Sinha, Sreyam and Kumar, Ashish and Regensburger, Brandon and Afridi, Khurram K.},
  journal={IEEE Journal of Emerging and Selected Topics in Power Electronics},
  title={Active Variable Reactance Rectifier—A New Approach to Compensating for Coupling Variations in Wireless Power Transfer Systems},
  year={2020},
  volume={8},
  number={3},
  pages={2022-2040},
  keywords={Rectifiers;Couplings;Couplers;Air gaps;Impedance;Resonant frequency;Prototypes;Active variable reactance (AVR) rectifier;capacitive wireless power transfer (WPT);coupling variations;dynamic wireless charging;fixed output power;high efficiency;misalignments;road clearance;soft switching;WPT systems;variable compensation},
  doi={10.1109/JESTPE.2019.2958894}}

  @INPROCEEDINGS{2024_Maji_COMPEL,
    author={Maji, Sounak and Cao, Yuqian and Etta, Dheeraj and Afridi, Khurram K.},
    booktitle={2024 IEEE Workshop on Control and Modeling for Power Electronics (COMPEL)},
    title={An Intelligent Control Methodology for In-Motion Dynamic Capacitive Wireless Power Transfer Systems},
    year={2024},
    volume={},
    number={},
    pages={1-7},
    keywords={Simulation;Prototypes;Wireless power transfer;Inverters;Transistors;Vehicle dynamics;Power generation;wireless power transfer systems;dynamic charging;soft-start;control;EV charging},
    doi={10.1109/COMPEL57542.2024.10613954}}

  @INPROCEEDINGS{2023_Maji_WPTCE,
    author={Maji, Sounak and Etta, Dheeraj and Afridi, Khurram K.},
    booktitle={2023 IEEE Wireless Power Technology Conference and Expo (WPTCE)},
    title={A High-Power Large Air-Gap Multi-MHz dc-dc Capacitive Wireless Power Transfer System for Electric Vehicle Charging},
    year={2023},
    volume={},
    number={},
    pages={1-6},
    keywords={Wireless communication;Air gaps;Prototypes;Wireless power transfer;Inverters;Electric vehicle charging;Timing;capacitive wireless power transfer;matching network;power combining;current balancing;inverter paralleling},
    doi={10.1109/WPTCE56855.2023.10215665}}

@INPROCEEDINGS{2010_Mayo_CONIELECOMP,
      author={Mayo-Maldonado, Jonathan C. and Rosas-Caro, Julio C. and Salas-Cabrera, Rubén and González-Rodriguez, Aarón and Ruíz-Martínez, Omar F. and Castillo-Gutiérrez, Rafael and Castillo-Ibarra, Jesus R. and Cisneros-Villegas, Hermenegildo},
      booktitle={2010 20th International Conference on Electronics Communications and Computers (CONIELECOMP)},
      title={State space modeling and control of the dc-dc multilevel boost converter},
      year={2010},
      volume={},
      number={},
      pages={232-236},
      keywords={State-space methods;DC-DC power converters;Voltage;Switches;Capacitors;Diodes;Switching converters;Mathematical model;Topology;Switching frequency},
      doi={10.1109/CONIELECOMP.2010.5440763}}

@INPROCEEDINGS{2019_Sinha_ECCE,
      author={Sinha, Sreyam and Afridi, Khurram K.},
      booktitle={2019 20th Workshop on Control and Modeling for Power Electronics (COMPEL)},
      title={Closed-loop Control of a Dynamic Capacitive Wireless Power Transfer System},
      year={2019},
      volume={},
      number={},
      pages={1-6},
      keywords={Rectifiers;Power generation;Couplings;DC-DC power converters;Prototypes;Impedance;Couplers;wireless power transfer systems;active variable reactance rectifier;variable compensation;fixed output power;closed loop control;decoupled dual-loop control},
      doi={10.1109/COMPEL.2019.8769715}}

@book{2007_Williams,
      title={Linear State-Space Control Systems},
      author={Williams, R.L. and Lawrence, D.A.},
      isbn={9780471735557},
      lccn={2006016111},
      url={https://books.google.com/books?id=UPWAmAXQu1AC},
      year={2007},
      publisher={Wiley}
}
